@article{fredlund2006unsaturated,
  title={Unsaturated soil mechanics in engineering practice},
  author={Fredlund, D.},
  journal={Journal of geotechnical and geoenvironmental engineering},
  volume={132},
  number={3},
  pages={286--321},
  year={2006},
  publisher={American Society of Civil Engineers}
}

@inproceedings{kramer2017effects,
  title={Effects of long-duration motions of soil liquefaction hazards},
  author={Kramer, SL. and Greenfield, MW.},
  booktitle={Proc. 16th World Conference on Earthquake Engineering. Santiago, Chile},
  year={2017}
}

@article{yoshimi1989liquefaction,
  title={Liquefaction resistance of a partially saturated sand},
  author={Yoshimi, Y. and Tanaka, K. and Tokimatsu, K.},
  journal={Soils and foundations},
  volume={29},
  number={3},
  pages={157--162},
  year={1989},
  publisher={Elsevier}
}

@book{terzaghi1996soil,
  title={Soil mechanics in engineering practice},
  author={Terzaghi, K. and Peck, R. and Mesri, G.},
  year={1996},
  publisher={John Wiley \& Sons}
}